@conference{royce1970managing,
  title={Managing the development of large software systems},
  author={Royce, Winston W},
  booktitle={proceedings of IEEE WESCON},
  volume={26},
  pages={328--338},
  year={1970},
  organization={Los Angeles}
}

@book{boehm2003balancing,
  title={Balancing agility and discipline: A guide for the perplexed},
  author={Boehm, Barry and Turner, Richard},
  year={2003},
  publisher={Addison-Wesley Professional},
  address={Boston, MA, USA}
}

@book{sommerville2016software,
  title={Software Engineering},
  author={Sommerville, Ian},
  year={2016},
  edition={10},
  publisher={Pearson Education},
  address={Harlow, United Kingdom}
}

@misc{rup1998,
  title={Rational Unified Process: Best Practices for Software Development Teams},
  author={{Rational, IBM}},
  year={1998},
  howpublished={[online] Available: \url{https://www.ibm.com/developerworks/rational/library/content/03July/1000/1251/1251_bestpractices_TP026B.pdf}},
  note={[Accessed: Oct 23, 2016]}
}
